<record><leader>00000cas a22000007a 4500</leader><controlfield tag="001">27931267</controlfield><controlfield tag="008">930416d186718uucauwr ne      0    0eng d</controlfield><datafield ind1=" " ind2=" " tag="010"><subfield code="a">sn 93051018 </subfield></datafield><datafield ind1=" " ind2=" " tag="040"><subfield code="a">CUY</subfield><subfield code="b">eng</subfield><subfield code="c">CNK</subfield><subfield code="d">OCLCQ</subfield></datafield><datafield ind1=" " ind2=" " tag="042"><subfield code="a">msc</subfield></datafield><datafield ind1="0" ind2="0" tag="245"><subfield code="a">Sutter County sentinel.</subfield></datafield><datafield ind1="1" ind2="3" tag="246"><subfield code="a">Weekly sentinel</subfield><subfield code="f">&lt;May 25-Aug. 3, 1867&gt;, Sept. 14, 1867-&lt;Feb. 8, 1868&gt;</subfield></datafield><datafield ind1="1" ind2="3" tag="246"><subfield code="a">Semi-weekly sentinel</subfield><subfield code="f">&lt;Aug. 10&gt;-Sept. 7, 1867</subfield></datafield><datafield ind1=" " ind2=" " tag="260"><subfield code="a">Yuba City, Sutter County, Calif. :</subfield><subfield code="b">G.M. Hanson &amp; Son</subfield></datafield><datafield ind1=" " ind2=" " tag="300"><subfield code="a">v.</subfield></datafield><datafield ind1=" " ind2=" " tag="310"><subfield code="a">Weekly,</subfield><subfield code="b">Sept. 14, 1867-&lt;Feb. 8, 1868&gt;</subfield></datafield><datafield ind1=" " ind2=" " tag="321"><subfield code="a">Weekly,</subfield><subfield code="b">&lt;May 25-Aug. 3, 1867&gt;</subfield></datafield><datafield ind1=" " ind2=" " tag="321"><subfield code="a">Semiweekly,</subfield><subfield code="b">&lt;Aug. 10&gt;-Sept. 7, 1867</subfield></datafield><datafield ind1="1" ind2=" " tag="362"><subfield code="a">Began in 1867.</subfield></datafield><datafield ind1=" " ind2=" " tag="588"><subfield code="a">Description based on: Vol. 1, no. 5 (May 25, 1867).</subfield></datafield><datafield ind1=" " ind2="4" tag="651"><subfield code="a">Sutter County (Calif.)</subfield><subfield code="v">Newspapers.</subfield></datafield><datafield ind1=" " ind2="4" tag="651"><subfield code="a">Yuba County (Calif.)</subfield><subfield code="v">Newspapers.</subfield></datafield><datafield ind1=" " ind2=" " tag="752"><subfield code="a">United States</subfield><subfield code="b">California</subfield><subfield code="c">Sutter</subfield><subfield code="d">Yuba City.</subfield></datafield><datafield ind1="1" ind2=" " tag="029"><subfield code="a">AU@</subfield><subfield code="b">000020751930</subfield></datafield></record>